<record><leader>00000cas a22000007a 4500</leader><controlfield tag="001">14868760</controlfield><controlfield tag="008">861124u1909uuuutxuwr ne      0    0eng d</controlfield><datafield ind1=" " ind2=" " tag="010"><subfield code="a">sn 86090250 </subfield></datafield><datafield ind1=" " ind2=" " tag="040"><subfield code="a">PPM</subfield><subfield code="b">eng</subfield><subfield code="c">PPM</subfield><subfield code="d">OCLCQ</subfield></datafield><datafield ind1=" " ind2=" " tag="042"><subfield code="a">msc</subfield></datafield><datafield ind1="0" ind2="4" tag="245"><subfield code="a">The Stockdale times.</subfield></datafield><datafield ind1=" " ind2=" " tag="260"><subfield code="a">Stockdale, Tex. :</subfield><subfield code="b">Benj. Haskell</subfield></datafield><datafield ind1=" " ind2=" " tag="300"><subfield code="a">v.</subfield></datafield><datafield ind1=" " ind2=" " tag="310"><subfield code="a">Weekly</subfield></datafield><datafield ind1="1" ind2=" " tag="362"><subfield code="a">Began in 1909?</subfield></datafield><datafield ind1=" " ind2=" " tag="588"><subfield code="a">Description based on: Fifth year, no. 10 (May 30, 1913).</subfield></datafield><datafield ind1=" " ind2=" " tag="752"><subfield code="a">United States</subfield><subfield code="b">Texas</subfield><subfield code="c">Wilson</subfield><subfield code="d">Stockdale.</subfield></datafield><datafield ind1="1" ind2=" " tag="029"><subfield code="a">AU@</subfield><subfield code="b">000025786798</subfield></datafield></record>